<record><leader>00000cas a22000007a 4500</leader><controlfield tag="001">1567829</controlfield><controlfield tag="008">750824d18561858mnuwr ne      0    0eng d</controlfield><datafield ind1=" " ind2=" " tag="010"><subfield code="a">sn 84024825 </subfield></datafield><datafield ind1=" " ind2=" " tag="040"><subfield code="a">MUL</subfield><subfield code="b">eng</subfield><subfield code="c">MUL</subfield><subfield code="d">NPV</subfield><subfield code="d">OCL</subfield><subfield code="d">MN#</subfield><subfield code="d">OCL</subfield><subfield code="d">OCLCG</subfield><subfield code="d">OCLCF</subfield><subfield code="d">OCLCO</subfield></datafield><datafield ind1="1" ind2=" " tag="029"><subfield code="a">AU@</subfield><subfield code="b">000020228693</subfield></datafield><datafield ind1=" " ind2=" " tag="042"><subfield code="a">msc</subfield></datafield><datafield ind1=" " ind2=" " tag="043"><subfield code="a">n-us-mn</subfield></datafield><datafield ind1=" " ind2=" " tag="052"><subfield code="a">4144</subfield><subfield code="b">N547</subfield></datafield><datafield ind1=" " ind2=" " tag="052"><subfield code="a">4143</subfield><subfield code="b">D3</subfield></datafield><datafield ind1="0" ind2="4" tag="245"><subfield code="a">The Emigrant aid journal of Minnesota.</subfield></datafield><datafield ind1="1" ind2="7" tag="246"><subfield code="a">Emigrant aid journal</subfield></datafield><datafield ind1=" " ind2=" " tag="260"><subfield code="a">Nininger City, Minn. Terr. [i.e., Minn.] :</subfield><subfield code="b">Ignatius Donnelly &amp; Philip Rohr,</subfield><subfield code="c">1856-1858.</subfield></datafield><datafield ind1=" " ind2=" " tag="300"><subfield code="a">1 v. :</subfield><subfield code="b">ill. ;</subfield><subfield code="c">72 cm.</subfield></datafield><datafield ind1=" " ind2=" " tag="310"><subfield code="a">Weekly,</subfield><subfield code="b">Jan. 13, 1858-May 5, 1858</subfield></datafield><datafield ind1=" " ind2=" " tag="321"><subfield code="a">Biweekly,</subfield><subfield code="b">June 20, 1857-Jan. 2, 1858</subfield></datafield><datafield ind1="0" ind2=" " tag="362"><subfield code="a">Vol. 1, no. 1 (Dec. 1, 1856)-v. 1, no. 32 (May 5, 1858).</subfield></datafield><datafield ind1=" " ind2=" " tag="515"><subfield code="a">First issue published at Philadelphia, Dec. 1, 1856; 2nd issue published at Nininger, June 20, 1857.  Last known issue May 5, 1858.  Cf. Hage, G.S.  Newspapers on the Minn. frontier.</subfield></datafield><datafield ind1=" " ind2=" " tag="530"><subfield code="a">Available on microfilm from the Minnesota Historical Society.</subfield></datafield><datafield ind1=" " ind2=" " tag="546"><subfield code="a">First issue is published in English and German.</subfield></datafield><datafield ind1=" " ind2=" " tag="500"><subfield code="a">Editor: &lt;Mar. 10,1858&gt; A.W. MacDonald.</subfield></datafield><datafield ind1=" " ind2="0" tag="651"><subfield code="a">Nininger (Minn.)</subfield><subfield code="v">Newspapers.</subfield></datafield><datafield ind1=" " ind2="7" tag="655"><subfield code="a">Newspapers.</subfield><subfield code="2">fast</subfield><subfield code="0">(OCoLC)fst01423814</subfield></datafield><datafield ind1=" " ind2="7" tag="651"><subfield code="a">Minnesota</subfield><subfield code="z">Nininger.</subfield><subfield code="2">fast</subfield><subfield code="0">(OCoLC)fst01225924</subfield></datafield><datafield ind1="1" ind2=" " tag="700"><subfield code="a">MacDonald, A. W.</subfield></datafield><datafield ind1="1" ind2=" " tag="700"><subfield code="a">Donnelly, Ignatius,</subfield><subfield code="d">1831-1901.</subfield></datafield><datafield ind1=" " ind2=" " tag="752"><subfield code="a">United States</subfield><subfield code="b">Minnesota</subfield><subfield code="c">Dakota</subfield><subfield code="d">Nininger.</subfield></datafield></record>